@article{vargas2013tearing,
  title={Tearing and Breaking Off of Subducted Slabs as the Result of Collision of the Panama Arc-Indenter with Northwestern South America},
  author={Vargas, Carlos A and Mann, Paul},
  journal={Bulletin of the seismological Society of America},
  volume={103},
  number={3},
  pages={2025--2046},
  year={2013},
  publisher={Seismological Society of America}
}

@book{gerya2009introduction,
  title={Introduction to numerical geodynamic modelling},
  author={Gerya, Taras},
  year={2009},
  publisher={Cambridge University Press}
}
