@inproceedings{dirac1930note,
  title={Note on exchange phenomena in the Thomas atom},
  author={Dirac, Paul AM},
  booktitle={Mathematical Proceedings of the Cambridge Philosophical Society},
  volume={26},
  number={03},
  pages={376--385},
  year={1930},
  organization={Cambridge Univ Press}
}

@article{makri1987time,
  title={Time-dependent self-consistent field (TDSCF) approximation for a reaction coordinate coupled to a harmonic bath: Single and multiple configuration treatments},
  author={Makri, Nancy and Miller, William H},
  journal={The Journal of chemical physics},
  volume={87},
  number={10},
  pages={5781--5787},
  year={1987},
  publisher={AIP}
}
