@inproceedings{mnih2016asynchronous,
  title={Asynchronous methods for deep reinforcement learning},
  author={Mnih, Volodymyr and Badia, Adria Puigdomenech and Mirza, Mehdi and Graves, Alex and Lillicrap, Timothy and Harley, Tim and Silver, David and Kavukcuoglu, Koray},
  booktitle={International Conference on Machine Learning},
  pages={1928--1937},
  year={2016}
}

@inproceedings{bacon2017option,
  title={The Option-Critic Architecture.},
  author={Bacon, Pierre-Luc and Harb, Jean and Precup, Doina},
  booktitle={AAAI},
  pages={1726--1734},
  year={2017}
}

@article{harb2017waiting,
  title={When waiting is not an option: Learning options with a deliberation cost},
  author={Harb, Jean and Bacon, Pierre-Luc and Klissarov, Martin and Precup, Doina},
  journal={arXiv preprint arXiv:1709.04571},
  year={2017}
}
